@article{paperOne2020,
  title = {Title of paper one},
  author = {First, Author and Second, Author and Third, Author and Fourth, Author},
  date = {2020-01-01},
  journaltitle = {Journal name},
  volume = {1},
  number = {1},
  pages = {xxxx--xxxx},
  doi = {xx.xxxx/xxx-xx-xxxx-xxxx}
}

@article{paperTwo2021,
  title = {Title of paper two},
  author = {First, Author and Second, Author and Third, Author and Fourth, Author},
  date = {2021-01-01},
  journaltitle = {Journal name},
  volume = {2},
  number = {2},
  pages = {xxxx--xxxx},
  doi = {xx.xxxx/xxx-xx-xxxx-xxxx}
}


@article{paperThree2022,
  title = {Title of paper three},
  author = {First, Author and Second, Author and Third, Author and Fourth, Author},
  date = {2022-01-01},
  journaltitle = {Journal name},
  volume = {3},
  number = {3},
  pages = {xxxx--xxxx},
  doi = {xx.xxxx/xxx-xx-xxxx-xxxx}
}

@article{paperFour2022,
  title = {Title of paper four},
  author = {First, Author and Second, Author and Third, Author and Fourth, Author},
  date = {2022-05-01},
  journaltitle = {Journal name},
  volume = {4},
  number = {4},
  pages = {xxxx--xxxx},
  doi = {xx.xxxx/xxx-xx-xxxx-xxxx}
}